@misc{xmlrpc-v3,
	author = "The Apache Software Foundation",
	title = "Downloading Apache XML-RPC",
	year = "2010",
	howPublished = "\url{https://ws.apache.org/xmlrpc/download.html}",
	note = "[Online; last accessed 2015 January 15]"
}

@Online { rfc791,
        title = "RFC 791: IP", 
	howPublished = "\url{http://tools.ietf.org/html/rfc791}",
	note = "[Online; last accessed 2015 January 23]"
}

@Online { rfc793,
        title = "RFC 793: TCP", 
	howPublished = "\url{http://tools.ietf.org/html/rfc793}",
	note = "[Online; last accessed 2015 January 23]"
}